<record><leader>00000cas a22000007  4500</leader><controlfield tag="001">1695556</controlfield><controlfield tag="008">751012d1uuu1uuunyuwr ne      0    0eng d</controlfield><datafield ind1=" " ind2=" " tag="010"><subfield code="a">sn 99066705 </subfield></datafield><datafield ind1=" " ind2=" " tag="040"><subfield code="a">MUL</subfield><subfield code="c">MUL</subfield><subfield code="d">OCL</subfield><subfield code="d">CFD</subfield><subfield code="d">NVK</subfield><subfield code="d">NYS</subfield><subfield code="d">OCLCQ</subfield></datafield><datafield ind1=" " ind2=" " tag="043"><subfield code="a">n-us-ny</subfield></datafield><datafield ind1="0" ind2=" " tag="130"><subfield code="a">This week (New York, N.Y.)</subfield></datafield><datafield ind1="1" ind2="0" tag="245"><subfield code="a">This week.</subfield></datafield><datafield ind1=" " ind2=" " tag="260"><subfield code="a">New York, (N.Y.)</subfield><subfield code="b">United Newspapers Magazine Corp.,</subfield></datafield><datafield ind1=" " ind2=" " tag="310"><subfield code="a">Weekly</subfield></datafield><datafield ind1=" " ind2=" " tag="500"><subfield code="a">"The national Sunday magazine designed for modern living."</subfield></datafield><datafield ind1=" " ind2=" " tag="500"><subfield code="a">Aug. 30, 1959 issue regarding "Adolf Hitler's Dream of World Conquest."</subfield></datafield><datafield ind1=" " ind2=" " tag="580"><subfield code="a">Issued with: New York herald tribune (New York, N.Y.).</subfield></datafield><datafield ind1=" " ind2="0" tag="651"><subfield code="a">New York (N.Y.)</subfield><subfield code="v">Newspapers.</subfield></datafield><datafield ind1=" " ind2=" " tag="752"><subfield code="a">United States</subfield><subfield code="b">New York</subfield><subfield code="c">New York</subfield><subfield code="d">New York.</subfield></datafield><datafield ind1="1" ind2=" " tag="777"><subfield code="t">New York herald tribune (New York, N.Y.)</subfield><subfield code="w">(DLC)sn 83030216</subfield></datafield><datafield ind1=" " ind2=" " tag="994"><subfield code="a">11</subfield><subfield code="b">OCL</subfield><subfield code="i">00501</subfield></datafield></record>